@online{weber,
	ALTauthor = {http://physics.weber.edu/carroll/archimedes/principle.htm},
	title = {http://physics.weber.edu/carroll/archimedes/principle.htm},
	url = {http://physics.weber.edu/carroll/archimedes/principle.htm},

}
